@article{218705,
 author = {Douglas C. Schmidt},
 title = {{Reactor: An Object Behavioral Pattern for Concurrent Event Demultiplexing and Event Handler Dispatching}},
 book = {Pattern languages of program design},
 year = {1995},
 isbn = {0-201-60734-4},
 pages = {529--545},
 publisher = {ACM Press/Addison-Wesley Publishing Co.},
 address = {New York, NY, USA},
 }

@article{226255,
 author = {Douglas C. Schmidt},
 title = {{Using Design Patterns to Develop Reusable Object-Oriented Communication Software}},
 journal = {Commun. ACM},
 volume = {38},
 number = {10},
 year = {1995},
 issn = {0001-0782},
 pages = {65--74},
 doi = {http://doi.acm.org/10.1145/226239.226255},
 publisher = {ACM Press},
 address = {New York, NY, USA},
 }

@book{557786,
 author = {Douglas C. Schmidt and Hans Rohnert and Michael Stal and Dieter Schultz},
 title = {Pattern-Oriented Software Architecture: Patterns for Concurrent and Networked Objects},
 year = {2000},
 isbn = {0471606952},
 publisher = {John Wiley \& Sons, Inc.},
 address = {New York, NY, USA},
 }

@unpublished{tiej,
 author = {Bruce Eckel},
 title = {{Thinking in Enterprise Java}},
 note = {http://www.javareference.com/books/freebooks/TIE/TIEJv1.1.htm},
 }

@book{eckel98thinking,
 author = {Bruce Eckel},
 title = {{Thinking in Java}},
 publisher = {Prentice Hall PTR},
 address = {Upper Saddle River},
 isbn = {0-13-659723-8},
 year = {1998},
}

@unpublished{javadoc,
 author = {{Sun Microsystems, Inc.}},
 title = {{Java 2 Platform Standard Edition 5.0 API Specification}},
 note = {http://java.sun.com/j2se/1.5.0/docs/api/},
 }

@unpublished{merlin,
 author = {{Michael T. Nygard}},
 title = {{Master Merlin's new I/O classes}},
 note = {http://www.javaworld.com/javaworld/jw-09-2001/jw-0907-merlin.html},
 }
