@misc{ scala,
    title = "Scala home page",
    howpublished = "\url{http://scala.epfl.ch/}"
}

@inproceedings{ ct,
 author = {Clemens Szyperski},
 title = {Component technology: what, where, and how?},
 booktitle = {ICSE '03: Proceedings of the 25th International Conference on Software Engineering},
 year = {2003},
 isbn = {0-7695-1877-X},
 pages = {684--693},
 location = {Portland, Oregon},
 publisher = {IEEE Computer Society},
 address = {Washington, DC, USA},
 }

@inproceedings{ cgp,
 author = {Krzysztof Czarnecki and Ulrich W. Eisenecker},
 title = {Components and generative programming (invited paper)},
 booktitle = {ESEC/FSE-7: Proceedings of the 7th European software engineering conference held jointly with the 7th ACM SIGSOFT international symposium on Foundations of software engineering},
 year = {1999},
 isbn = {3-540-66538-2},
 pages = {2--19},
 location = {Toulouse, France},
 doi = {http://doi.acm.org/10.1145/318773.318779},
 publisher = {Springer-Verlag},
 address = {London, UK},
 }

@inproceedings{ sca,
 author = {Martin Odersky and Matthias Zenger},
 title = {Scalable component abstractions},
 booktitle = {OOPSLA '05: Proceedings of the 20th annual ACM SIGPLAN conference on Object oriented programming, systems, languages, and applications},
 year = {2005},
 isbn = {1-59593-031-0},
 pages = {41--57},
 location = {San Diego, CA, USA},
 doi = {http://doi.acm.org/10.1145/1094811.1094815},
 publisher = {ACM Press},
 address = {New York, NY, USA},
 }

@inproceedings{ knit,
    author = "Alastair Reid and Matthew Flatt and Leigh Stoller and Jay Lepreau and Eric Eide",
    title = "Knit: Component Composition for Systems Software",
    booktitle = "Proc. of the 4th Operating Systems Design and Implementation (OSDI)",
    year = 2000,
    month = oct,
    pages = "347--360",
    url = "citeseer.ist.psu.edu/reid00knit.html"}

@book{ dp,
 author = {Erich Gamma and Richard Helm and Ralph Johnson and John Vlissides},
 title = {Design patterns: elements of reusable object-oriented software},
 year = {1995},
 isbn = {0-201-63361-2},
 publisher = {Addison-Wesley Longman Publishing Co., Inc.},
 address = {Boston, MA, USA},
 }

@TechReport{ scala-overview,
  author =       {Martin Odersky and al.},
  title =        {An Overview of the Scala Programming Language},
  institution =  {EPFL Lausanne, Switzerland},
  year =         2004,
  number =       {IC/2004/64}
}

@InProceedings{ exp,
  author =       {Martin Odersky and Matthias Zenger},
  title =        {Independently Extensible Solutions to the Expression Problem},
  booktitle =    {Proc. FOOL 12},
  year =         2005,
  month =        jan,
  note =         {\verb@http://homepages.inf.ed.ac.uk/wadler/fool@}
}

@InProceedings{ vobj,
  author = 	 {Martin Odersky and Vincent Cremet and Christine R\"ockl and Matthias Zenger},
  title = 	 {A Nominal Theory of Objects with Dependent Types},
  booktitle =	 {Proc. ECOOP'03},
  year =	 2003,
  month =	 jul,
  series =	 {Springer LNCS}
}