% Stratego
@misc{ stratego,
    title = "Stratego home page",
    howpublished = "\url{http://www.stratego-language.org/Stratego}"
}

@manual{ stratego-manual,
  title        = {Stratego/XT Tutorial, Examples, and Reference Manual},
  author       = {Martin Bravenboer and Karl Trygve Kalleberg and Rob Vermaas and Eelco Visser},
  organization = {Department of Information and Computing Sciences, Universiteit Utrecht},
  address      = {Utrecht, The Netherlands},
  year         = {2006},
  urlhtml      = {http://nix.cs.uu.nl/dist/stratego/strategoxt-manual-0.16/manual/},
  project      = {Stratego and XT and TraCE},
  category     = {documentation},
  pubcat       = {documentation},
  class        = {Wet non},
}

@misc{ javafront,
    title = "Java-front home page",
    howpublished = "\url{http://www.stratego-language.org/Stratego/JavaFront}"
}

@misc{ dryad,
    title = "Dryad home page",
    howpublished = "\url{http://www.stratego-language.org/Stratego/TheDryad}"
}

@misc{ metaborg,
    title = "Metaborg home page",
    howpublished = "\url{http://www.stratego-language.org/Stratego/MetaBorg}"
}

@inproceedings{ karina05dynrules,
  author      = {Karina Olmos and Eelco Visser},
  title       = {Composing {S}ource-to-{S}ource {D}ata-{F}low {T}ransformations
                 with {R}ewriting {S}trategies and {D}ependent {D}ynamic {R}ewrite Rules},
  booktitle   = {14th International Conference on Compiler Construction (CC'05)},
  pages       = {204--220},
  year        = 2005,
  editor      = {Rastislav Bodik},
  volume      = 3443,
  series      = {Lecture Notes in Computer Science},
  month       = {April},
  publisher   = {Springer-Verlag},
  urlinfo     = {http://www.stratego-language.org/Stratego/ComposingSourceToSourceDataFlowTransformations},
  urltr       = {http://www.cs.uu.nl/research/techreps/UU-CS-2005-006.html},
  urlpdf      = {http://archive.cs.uu.nl/pub/RUU/CS/techreps/CS-2005/2005-006.pdf},
  urlspringer = {http://www.springerlink.com/index/RW9HJQFGVJNJJUK8},
  category    = {conference},
  pubcat      = {conference},
  project     = {Stratego and TraCE},
  class       = {Wet},
}

@article{ bravo05dynrules,
  author   = {Martin Bravenboer and Arthur van Dam and Karina Olmos and Eelco Visser},
  title    = {Program {T}ransformation with {S}coped {D}ynamic {R}ewrite {R}ules},
  journal  = {Fundamenta Informaticae},
  year     = 2005,
  volume   = 69,
  pages    = {1--56},
  pubcat   = {journal},
  project  = {Stratego and TraCE},
  category = {key},
  urlfi    = {http://fi.mimuw.edu.pl/},
  urltr    = {http://www.cs.uu.nl/research/techreps/UU-CS-2005-005.html},
  urlpdf   = {http://archive.cs.uu.nl/pub/RUU/CS/techreps/CS-2005/2005-005.pdf},
  class    = {Wet},
}

@inproceedings{ bravo04metaborg,
  author     = {Martin Bravenboer and Eelco Visser},
  title      = {Concrete Syntax for Objects. {D}omain-Specific Language Embedding and Assimilation without Restrictions},
  booktitle  = {Proceedings of the 19th ACM SIGPLAN Conference on Object-Oriented Programing, Systems, Languages, and Applications (OOPSLA'04)},
  pages      = {365--383},
  year       = 2004,
  editor     = {Douglas C. Schmidt},
  address    = {Vancouver, Canada},
  month      = {October},
  publisher  = {ACM Press},
  urlacm     = {http://portal.acm.org/citation.cfm?id=1028976.1029007},
  urlinfo    = {http://www.cs.uu.nl/groups/ST/Visser/ConcreteSyntaxForObjects},
  urlpdf     = {http://www.cs.uu.nl/~visser/ftp/BV04.pdf},
  pubcat     = {conference},
  project    = {Stratego and XT and SDF and TraCE},
  category   = {key and refereed},
  acceptance = {27/173 and 16%},
}

@inproceedings{ viser05tfa,
  author    = {Eelco Visser},
  title     = {Transformations for Abstractions},
  booktitle = {Fifth IEEE International Workshop on Source Code Analysis and Manipulation (SCAM'05)},
  pages     = {3--12},
  year      = 2005,
  editor    = {Jens Krinke and Giulio Antoniol},
  address   = {Budapest, Hungary},
  month     = {October},
  publisher = {IEEE Computer Society Press},
  note      = {(Keynote paper)},
  urltr     = {http://www.cs.uu.nl/research/techreps/UU-CS-2005-034.html},
  urlpdf    = {http://archive.cs.uu.nl/pub/RUU/CS/techreps/CS-2005/2005-034.pdf},
  urlblog   = {http://eelco-visser.blogspot.com/2005/07/transformations-for-abstractions.html},
  urlwiki   = {http://www.stratego-language.org/Stratego/TransformationsForAbstractions},
  urlscam   = {http://www.dcs.kcl.ac.uk/staff/mark/scam2005/},
  project   = {Stratego and TraCE},
  pubcat    = {proceedings},
  class     = {Wet non},
}

@phdthesis{ vis97thesis,
  author   = {Visser, Eelco},
  title    = {Syntax Definition for Language Prototyping},
  year     = {1997},
  month    = {September},
  school   = {University of Amsterdam},
  url      = {http://www.cs.uu.nl/groups/ST/twiki/bin/view/Visser/SyntaxDefinitionForLanguagePrototyping},
  urlpsgz  = {http://www.cs.uu.nl/people/visser/ftp/Vis97.ps.gz},
  pubcat   = {phdthesis},
  project  = {ASF+SDF and SDF},
  category = {key and refereed},
}

% Java
@book{ JLS,
    author = "James Gosling and Bill Joy and Guy Steele and Gilad Bracha",
    title = "Java(TM) {L}anguage {S}pecification, {T}he (3rd {E}dition) (Java {S}eries)",
    howpublished = "Paperback",
    isbn = "0321246780",
    month = "July",
    priority = "2",
    publisher = "Addison-Wesley Professional",
    url = "http://www.amazon.de/exec/obidos/ASIN/0321246780",
    year = "2005" }

% Pointer analysis
@inproceedings{ vall99soot,
    author = "Raja Vall\'ee-Rai and Laurie Hendren and Vijay Sundaresan and Patrick Lam and Etienne Gagnon and Phong Co",
    title = "Soot - {A} {J}ava {O}ptimization {F}ramework",
    booktitle = "Proceedings of CASCON 1999",
    pages = "125--135",
    year = "1999",
    url = "www.sable.mcgill.ca/publications" }

@mastersthesis{ lhot02spark,
    author = "Ond\v{r}ej Lhot\'ak",
    title = "Spark: A {F}lexible {P}oints-to {A}nalysis {F}ramework for {J}ava",
    school = "McGill University",
    year = "2002",
    month = "December" }

@inproceedings{ lhot03spark,
    author = "Ond\v{r}ej Lhot\'ak and Laurie Hendren",
    title = "Scaling {J}ava {P}oints-to {A}nalysis {U}sing {S}park",
    booktitle = "Compiler Construction, 12th International Conference",
    pages = "153--169",
    month = "April",
    year = "2003",
    editor = "G. Hedin",
    volume = "2622",
    series = "LNCS",
    address = "Warsaw, Poland",
    publisher = "Springer" }

@inproceedings{ berndl03bdd,
    author = "Marc Berndl and Ond\v{r}ej Lhot\'ak and Feng Qian and Laurie Hendren and Navindra Umanee",
    title = "Points-to {A}nalysis {U}sing {BDDs}",
    booktitle = "Proceedings of the ACM SIGPLAN 2003 Conference on
                 Programming Language Design and Implementation",
    year= "2003",
    publisher= "ACM Press",
    isbn = "1-58113-662-5",
    pages = "103--114",
    location = "San Diego, California, USA",
    doi = "http://doi.acm.org/10.1145/781131.781144" }

@inproceedings{ whaley04cloningbased,
    author = "John Whaley and Monica S. Lam",
    title = "Cloning-{B}ased {C}ontext-{S}ensitive {P}ointer {A}lias {A}nalysis {U}sing {B}inary {D}ecision {D}iagrams",
    booktitle = "PLDI '04: Proceedings of the ACM SIGPLAN 2004 conference on Programming language design and implementation",
    year = "2004",
    isbn = "1-58113-807-5",
    pages = "131--144",
    location = "Washington DC, USA",
    doi = "http://doi.acm.org/10.1145/996841.996859",
    publisher = "ACM Press",
    address = "New York, NY, USA" }

@inproceedings{ rountev-oopsla01,
    author = "Atanas Rountev and Ana Milanova and Barbara G. Ryder", 
    title = "Points-to {A}nalysis for {J}ava {U}sing {A}nnotated {C}onstraints",
    booktitle = "Conference on Object-Oriented Programming, Systems, Languages and Applications",
    pages = "43-55",
    year = "2001" }

@inproceedings{ hind01pointer,
    author = "Michael Hind",
    title = "Pointer {A}nalysis: {H}aven't {W}e {S}olved {T}his {P}roblem {Y}et?",
    booktitle = "2001 {ACM} {SIGPLAN}-{SIGSOFT} Workshop on Program Analysis for Software Tools and Engineering ({PASTE}'01)",
    address = "Snowbird, UT",
    year = "2001" }

% Escape analysis
@inproceedings{ blanchet99escape,
    author = "Bruno Blanchet",
    title = "Escape {A}nalysis for {O}bject {O}riented {L}anguages. {A}pplication to {J}ava({TM})",
    booktitle = "Conference on Object-Oriented Programming, Systems, Languages and Applications (OOPSLA'99)",
    pages = "20--34",
    year = "1999",
    address = "Denver, Colorado" }

@article{ whaley99compositional,
    author = "John Whaley and Martin Rinard",
    title = "Compositional {P}ointer and {E}scape {A}nalysis for {J}ava {P}rograms",
    journal = "ACM SIGPLAN Notices",
    volume = "34",
    number = "10",
    pages = "187--206",
    year = "1999",
    url = "citeseer.ist.psu.edu/article/whaley99compositional.html" }

@inproceedings{ choi99escape,
    author = "Jong-Deok Choi and Manish Gupta and Mauricio J. Serrano and Vugranam C. Sreedhar and Samuel P. Midkiff",
    title = "Escape {A}nalysis for {J}ava",
    booktitle = "Proceedings of the Conference on Object-Oriented Programming Systems, Languages, and Applications ({OOPSLA})",
    pages = "1-19",
    year = "1999",
    url = "citeseer.ist.psu.edu/choi99escape.html" }

@mastersthesis{ salcianu01pointer,
    author = "Alexandru D. S\u{a}lcianu",
    title = "Pointer {A}nalysis and its {A}pplications for {J}ava {P}rograms",
    school = "Dept. of Electrical Engineering and Computer Science, Massachusetts Institute of Technology",
    year = "2001" }

% Call graph
@article{ dean95optimization,
    author = "Jeffrey Dean and David Grove and Craig Chambers",
    title = "Optimization of {O}bject-{O}riented {P}rograms {U}sing {S}tatic {C}lass {H}ierarchy {A}nalysis",
    journal = "Lecture Notes in Computer Science",
    volume = "952",
    pages = "77--101",
    year = "1995",
    url = "citeseer.ist.psu.edu/dean94optimization.html" }

% Control flow
@inproceedings{ sinha98analysis,
    author = "Saurabh Sinha and Mary Jean Harrold",
    title = "Analysis of {P}rograms with {E}xception-{H}andling {C}onstructs",
    booktitle = "Proceedings of the International Conference on Software Maintenance (ICSM'98)",
    pages = "348--357",
    month = "November",
    year = "1998",
    url = "citeseer.ist.psu.edu/sinha98analysis.html" }

@inproceedings{ hennessy81exceptions,
    author = {John Hennessy},
    title = {Program {O}ptimization and {E}xception {H}andling},
    booktitle = {POPL '81: Proceedings of the 8th ACM SIGPLAN-SIGACT Symposium on Principles of Programming Languages},
    year = {1981},
    isbn = {0-89791-029-X},
    pages = {200--206},
    location = {Williamsburg, Virginia},
    doi = {http://doi.acm.org/10.1145/567532.567554},
    publisher = {ACM Press},
    address = {New York, NY, USA} }

% Typestate
@article{ strom86typestate,
    author = {R E Strom and S Yemini},
    title = {Typestate: {A} {P}rogramming {L}anguage {C}oncept for {E}nhancing {S}oftware {R}eliability},
    journal = {IEEE Transactions on Software Engineering},
    volume = {12},
    number = {1},
    year = {1986},
    issn = {0098-5589},
    pages = {157--171},
    publisher = {IEEE Press},
    address = {Piscataway, NJ, USA} }

% Active libraries
@article{ engler99interface,
    author = "Dawson R. Engler",
    title = "Interface {C}ompilation: Steps {T}oward {C}ompiling {P}rogram {I}nterfaces as {L}anguages",
    journal = "IEEE Transactions on Software Engineering",
    volume = "25",
    number = "3",
    pages = "387--400",
    year = "1999",
    url = "citeseer.ist.psu.edu/engler99interface.html" }

@inproceedings{ englerenglerincorporating,
    author = "Dawson R. Engler",
    title = "Incorporating {A}pplication {S}emantics and {C}ontrol into {C}ompilation",
    booktitle = "Proceedings of the Conference on Domain-Specific Languages (DSL-97)",
    pages = "103--118",
    year = "1997",
    address = "Berkeley, California, USA",
    url = "citeseer.ist.psu.edu/engler97incorporating.html" }

@inproceedings{ guyer99annotation,
    author = "Samuel Z. Guyer and Calvin Lin",
    title = "An {A}nnotation {L}anguage for {O}ptimizing {S}oftware {L}ibraries",
    booktitle = "2nd Conference on Domain Specic Languages",
    pages = "39--52",
    year = "1999",
    address = "Austin, Texas, USA",
    url = "citeseer.ist.psu.edu/guyer99annotation.html" }

@article{ guyer-broadway,
    author = "Samuel Z. Guyer and Calvin Lin",
    title = "Broadway: A {C}ompiler for {E}xploiting the {D}omain-{S}pecific {S}emantics of {S}oftware {L}ibraries",
    journal = "Proceedings of the IEEE",
    volume = "93",
    number = "2",
    year = "2005",
    url = "citeseer.ifi.unizh.ch/guyer04broadway.html" }

@inproceedings{ Czarnecki:GP:2000,
    author = "Krzysztof Czarnecki and Ulrich Eisenecker and Robert Gl{\"u}ck and David Vandevoorde and Todd Veldhuizen",
    year = "2000",
    title = "Generative {P}rogramming and {A}ctive {L}ibraries ({E}xtended {A}bstract)",
    booktitle = "Generic Programming. Proceedings",
    editor = "M. Jazayeri and D. Musser and R. Loos",
    publisher = "Springer-Verlag",
    series = "Lecture Notes in Computer Science",
    volume = "1766",
    pages = "25--39" }

@inproceedings{ Veldhuizen:1998:OO98,
    author = "Todd L. Veldhuizen and Dennis Gannon",
    title = "Active {L}ibraries: Rethinking the {R}oles of {C}ompilers and {L}ibraries",
    booktitle = "Proceedings of the SIAM Workshop on Object Oriented Methods
                 for Inter-operable Scientific and Engineering Computing (OO'98)",
    publisher = "SIAM Press",
    year = "1998",
    conflocation = "Yorktown Heights, New York",
    conftitle = "SIAM Workshop on Object Oriented Methods for Inter-operable Scientific and Engineering Computing" }

% Open compilers
@inproceedings{ lamping92compilers,
    author = "John Lamping and Gregor Kiczales and Luis H. Rodriguez and Erik Ruf",
    title = "An {A}rchitecture for an {O}pen {C}ompiler",
    year = "1992",
    month = "November",
    booktitle = "Proceedings of the International Workshop on New Models for Software Architecture '92, Reflection and Meta-Level Architecture",
    editor = "A. Yonezawa and B. Smith",
    pages = "95--106" }

@inproceedings{ kiczales97open,
    author = "Gregor Kiczales and John Lamping and Cristina Videira Lopes and Chris Maeda and Anurag Mendhekar and Gail C. Murphy",
    title = "Open Implementation Design Guidelines",
    booktitle = "International Conference on Software Engineering",
    pages = "481--490",
    year = "1997",
    url = "citeseer.ist.psu.edu/kiczales97open.html" }

@inproceedings{ tourwe99opt,
    author = "Tom Tourw\'e and Wolfgang De Meuter",
    title = "Optimizing {O}bject-{O}riented {L}anguages {T}hrough {A}rchitectural {T}ransformations",
    year = "1999",
    booktitle = "Compiler Construction: 8th International Conference, CC'99. Proceedings",
    publisher = "Springer-Verlag",
    editor = {Stefan J\"{a}hnichen},
    series = "Lecture Notes in Computer Science",
    address = "Amsterdam, The Netherlands",
    volume = "1575",
    pages = "224--258" }
